<?xml version="1.0" encoding="UTF-8"?><collection xmlns="http://www.loc.gov/MARC21/slim"><record><leader>00392nam--2200121-i-4500</leader><controlfield tag="001">000047550</controlfield><controlfield tag="002">20161230</controlfield><controlfield tag="005">20161230201046</controlfield><controlfield tag="008">060222s1000------------r-----000-0-eng-d</controlfield><datafield ind1=" " ind2=" " tag="100"><subfield code="a">Woods, J</subfield></datafield><datafield ind1=" " ind2=" " tag="245"><subfield code="a">Photochemical effects and the effect of oxygen on photoconducting cadmium sulphide crystals</subfield></datafield><datafield ind1=" " ind2=" " tag="260"><subfield code="a">Reprinted From ``Journal Of Electronics And Control``, Vol.5, No.5, 1958</subfield></datafield><datafield ind1=" " ind2=" " tag="852"><subfield code="a">5699</subfield></datafield></record></collection>